@article{AKERS78,
    author     = {Akers, S. B.},
    title      = {Binary Decision Diagrams},
    journal    = {IEEE Trans. Comput.},
    issue_date = {June 1978},
    volume     = {27},
    number     = {6},
    month      = jun,
    year       = {1978},
    issn       = {0018-9340},
    pages      = {509--516},
    numpages   = {8},
    url        = {http://dx.doi.org/10.1109/TC.1978.1675141},
    doi        = {10.1109/TC.1978.1675141},
    acmid      = {1310815},
    publisher  = {IEEE Computer Society},
    address    = {Washington, DC, USA},
    keywords   = {Binary decision diagrams, digital functions, logic diagrams, logic synthesis, logical analysis, test generation, test generation, Binary decision diagrams, digital functions, logical analysis, logic diagrams, logic synthesis},
}

@article{BRYANT86,
    author     = {Bryant, Randal E.},
    title      = {Graph-Based Algorithms for Boolean Function Manipulation},
    journal    = {IEEE Trans. Comput.},
    issue_date = {August 1986},
    volume     = {35},
    number     = {8},
    month      = aug,
    year       = {1986},
    issn       = {0018-9340},
    pages      = {677--691},
    numpages   = {15},
    url        = {http://dx.doi.org/10.1109/TC.1986.1676819},
    doi        = {10.1109/TC.1986.1676819},
    acmid      = {6433},
    publisher  = {IEEE Computer Society},
    address    = {Washington, DC, USA},
    keywords   = {Boolean functions, binary decision diagrams, logic design verification, symbolic manipulation, symbolic manipulation, Boolean functions, binary decision diagrams, logic design verification},
}

@article{BRYANT92,
    author      = {Bryant, Randal E.},
    title       = {Symbolic Boolean Manipulation with Ordered Binary-decision Diagrams},
    journal     = {ACM Comput. Surv.},
    issue_date	= {Sept. 1992},
    volume      = {24},
    number      = {3},
    month       = sep,
    year        = {1992},
    issn        = {0360-0300},
    pages       = {293--318},
    numpages    = {26},
    url         = {http://doi.acm.org/10.1145/136035.136043},
    doi         = {10.1145/136035.136043},
    acmid       = {136043},
    publisher   = {ACM},
    address     = {New York, NY, USA},
    keywords	= {Boolean algebra, Boolean functions, binary-decision diagrams, branching programs, symbolic analysis, symbolic manipulation},
}

@inproceedings{BRYANT95,
 author     = {Bryant, Randal E.},
 title      = {Binary Decision Diagrams and Beyond: Enabling Technologies for Formal Verification},
 booktitle  = {Proceedings of the 1995 IEEE/ACM International Conference on Computer-aided Design},
 series     = {ICCAD '95},
 year       = {1995},
 isbn       = {0-8186-7213-7},
 location   = {San Jose, California, USA},
 pages      = {236--243},
 numpages   = {8},
 url        = {http://dl.acm.org/citation.cfm?id=224841.225047},
 acmid      = {225047},
 publisher  = {IEEE Computer Society},
 address    = {Washington, DC, USA},
}

@inproceedings{ANDERSEN97,
 author     = {Andersen, Henrik Reif and Hulgaard, Henrik},
 title      = {Boolean Expression Diagrams},
 booktitle  = {Proceedings of the 12th Annual IEEE Symposium on Logic in Computer Science},
 series     = {LICS '97},
 year       = {1997},
 isbn       = {0-8186-7925-5},
 pages      = {88--},
 url        = {http://dl.acm.org/citation.cfm?id=788019.788881},
 acmid      = {788881},
 publisher  = {IEEE Computer Society},
 address    = {Washington, DC, USA},
} 